@online{Lautstärkeregler,
 author = {o.A.},
 year = {2020},
 title = {Lautstärkeregler},
 url = {https://de.wikipedia.org/wiki/Lautst%C3%A4rkeregler},
 urldate = {2020-02-12}
}

@online{FreeCAD,
 author = {o.A.},
 year = {2020},
 title = {Erste Schritte},
 url = {https://www.freecadweb.org/wiki/Getting_started/de},
 urldate = {2020-02-13}
}

@online{CAD,
 author = {o.A.},
 year = {2020},
 title = {CAD},
 url = {https://de.wikipedia.org/wiki/CAD#Herstellen_von_Fertigungs-/Herstellungsunterlagen},
 urldate = {2020-02-12}
}

@online{Slicer,
 author = {o.A.},
 year = {2019},
 title = {Slicer-Software},
 url = {https://de.wikipedia.org/wiki/Slicer-Software},
 urldate = {2020-02-12}
}

@online{Cura,
 author = {o.A.},
 year = {o.J.},
 title = {Cura 13.11.2 User manual},
 url = {https://ultimaker.com/download/170/Cura_User-Manual_v1.0.pdf},
 urldate = {2020-02-07}
}

@online{Eagle,
 author = {o.A.},
 year = {o.J.},
 title = {Eagle Tutorial},
 url = {http://dl36mmdz94630.cloudfront.net/uploads/eagle_resources/files/000/002/278/original/step-by-step_tutorial.pdf?1484967932},
 urldate = {2020-02-02}
}

@online{Schrittmotor_Bild,
 author = {o.A.},
 year = {2018},
 title = {Schrittmotor},
 url = {http://home.roboticlab.eu/de/examples/motor/stepper},
 urldate = {2020-01-02}
}

@online{Schrittmotor_Getriebe,
 author = {Alexander Hinkel},
 year = {o.J.},
 title = {Eagle Tutorial},
 url = {http://www.arduino-projekte.de/index.php?n=63},
 urldate = {2020-02-02}
}

@online{Schrittmotor_Steuerung,
 author = {o.A.},
 year = {o.J.},
 title = {Schrittmotor kurz erklärt},
 url = {https://wiki.ntb.ch/infoportal/_media/hardware/sysp/bauteile/schrittmotor_kurz_erklaert_d.pdf},
 urldate = {2020-02-02}
}

@online{Nano,
 author = {o.A.},
 year = {o.J.},
 title = {Arduino Nano},
 url = {https://store.arduino.cc/arduino-nano},
 urldate = {2020-02-02}
}



@book{Winkelberechnung,
    title={Fachkunde Elektrotechnik},
    author={{Tkotz, Klaus Burgmaier, Monika Eichler, Walter Kober, Karsten Bastian, Peter Bumiller, Horst Käppel, Thomas Spielvogel, Otto Schwarz, Jürgen Manderla, Jürgen Ziegler, Klaus Klee, Werner Winter, Ulrich}},
    isbn={978-3-8085-3188-4},
    series={Europa-Fachbuchreihe für elektrotechnische Berufe},
    year={2009},
    publisher={Europa Lehrmittel},
}

@book{Arduino_Plattform,
    title={Arduino Praxiseinstieg},
    subtitle={Behandelt Arduino 1.0},
    author={Thomas Brühlmann},
    isbn={978-3-8266-8342-8},
    year={2012},
    publisher={mitp},
}

@book{Darlington,
    title={Elemente der angewandten Elektronik},
    subtitle={Kompendium für Ausbildung und Beruf},
    author={{Erwin Böhmer, Dietmar Ehrhardt, Wolfgang Oberschelp}},
    isbn={978-3-8348-0543-0},
    year={2010},
    publisher={Vieweg+Teubner},
}

